<?xml version="1.0" encoding="UTF-8"?>
<record xmlns="http://www.loc.gov/MARC21/slim">
  <leader>02603cam a2200385 a 4500</leader>
  <controlfield tag="001">ocn232977651</controlfield>
  <controlfield tag="003">OCoLC</controlfield>
  <controlfield tag="005">20100505184401.0</controlfield>
  <controlfield tag="008">080730s2009    nyua          001 0 eng  </controlfield>
  <datafield tag="010" ind1=" " ind2=" ">
    <subfield code="a">  2008033690</subfield>
  </datafield>
  <datafield tag="040" ind1=" " ind2=" ">
    <subfield code="a">DLC</subfield>
    <subfield code="c">DLC</subfield>
    <subfield code="d">BTCTA</subfield>
    <subfield code="d">BAKER</subfield>
    <subfield code="d">LIQ</subfield>
    <subfield code="d">BUR</subfield>
    <subfield code="d">UKM</subfield>
    <subfield code="d">VP@</subfield>
    <subfield code="d">CQU</subfield>
  </datafield>
  <datafield tag="015" ind1=" " ind2=" ">
    <subfield code="a">GBA916846</subfield>
    <subfield code="2">bnb</subfield>
  </datafield>
  <datafield tag="016" ind1="7" ind2=" ">
    <subfield code="a">014908533</subfield>
    <subfield code="2">Uk</subfield>
  </datafield>
  <datafield tag="020" ind1=" " ind2=" ">
    <subfield code="a">9780061715747 (hardcover)</subfield>
  </datafield>
  <datafield tag="020" ind1=" " ind2=" ">
    <subfield code="a">0061715743 (hardcover)</subfield>
  </datafield>
  <datafield tag="020" ind1=" " ind2=" ">
    <subfield code="a">9780061764547 (e-book)</subfield>
  </datafield>
  <datafield tag="020" ind1=" " ind2=" ">
    <subfield code="a">006176454X (e-book)</subfield>
  </datafield>
  <datafield tag="035" ind1=" " ind2=" ">
    <subfield code="a">(OCoLC)232977651</subfield>
  </datafield>
  <datafield tag="050" ind1="0" ind2="0">
    <subfield code="a">HF5386</subfield>
    <subfield code="b">.S7595 2009</subfield>
  </datafield>
  <datafield tag="082" ind1="0" ind2="0">
    <subfield code="a">650.1</subfield>
    <subfield code="2">22</subfield>
  </datafield>
  <datafield tag="100" ind1="1" ind2=" ">
    <subfield code="a">St. John, Noah,</subfield>
    <subfield code="d">1967-</subfield>
  </datafield>
  <datafield tag="245" ind1="1" ind2="4">
    <subfield code="a">The secret code of success :</subfield>
    <subfield code="b">7 hidden steps to more wealth and happiness /</subfield>
    <subfield code="c">by Noah St. John ; foreword by Jack Canfield.</subfield>
  </datafield>
  <datafield tag="260" ind1=" " ind2=" ">
    <subfield code="a">New York :</subfield>
    <subfield code="b">HarperCollins Publishers,</subfield>
    <subfield code="c">c2009.</subfield>
  </datafield>
  <datafield tag="300" ind1=" " ind2=" ">
    <subfield code="a">xi, 243 p.</subfield>
    <subfield code="b">ill. ;</subfield>
    <subfield code="c">22 cm.</subfield>
  </datafield>
  <datafield tag="500" ind1=" " ind2=" ">
    <subfield code="a">Includes indexes.</subfield>
  </datafield>
  <datafield tag="505" ind1="0" ind2=" ">
    <subfield code="a">The secret of success in life and business -- What&apos;s wrong with this picture? -- The little assumption that&apos;s costing you a fortune -- The secret code revealed -- Step one: afformations -- Step two: loving mirrors and safe havens -- Step three: systems of support -- Step four: goal-free zones and goal replacement surgery -- Step five : who are you trying to protect, punish or please? -- Step six: find your no -- Step seven: find your because -- Now what? -- Your free bonus gift -- Spread the word.</subfield>
  </datafield>
  <datafield tag="520" ind1=" " ind2=" ">
    <subfield code="a">Americans spend billions on self-help products, yet few people are living the life they really want. The real problem, says productivity expert Noah St. John, is that most people focus on the &quot;how-to&quot; aspects of success without coming to terms with what calls your &quot;head trash&quot;-the subconscious, emotional roadblocks that prevent people from acting on their real hopes, dreams, and ambitions. St. John has created a seven-step approach that helps you learn how to: eliminate the causes of self-sabotage and fear of success; allow yourself to make more money; remove stress while dramatically increasing personal productivity; improve relationships with coworkers, family, and friends; and experience enhanced feelings of happiness, connection, and love.--From publisher description.</subfield>
  </datafield>
  <datafield tag="650" ind1=" " ind2="0">
    <subfield code="a">Success in business.</subfield>
  </datafield>
  <datafield tag="856" ind1="4" ind2="1">
    <subfield code="3">Table of contents only</subfield>
    <subfield code="u">http://www.loc.gov/catdir/toc/ecip0824/2008033690.html</subfield>
  </datafield>
  <datafield tag="938" ind1=" " ind2=" ">
    <subfield code="a">Baker and Taylor</subfield>
    <subfield code="b">BTCP</subfield>
    <subfield code="n">BK0007849976</subfield>
  </datafield>
  <datafield tag="938" ind1=" " ind2=" ">
    <subfield code="a">Baker &amp; Taylor</subfield>
    <subfield code="b">BKTY</subfield>
    <subfield code="c">19.95</subfield>
    <subfield code="d">14.96</subfield>
    <subfield code="i">0061715743</subfield>
    <subfield code="n">0007849976</subfield>
    <subfield code="s">active</subfield>
  </datafield>
  <datafield tag="029" ind1="1" ind2=" ">
    <subfield code="a">AU@</subfield>
    <subfield code="b">000043278667</subfield>
  </datafield>
  <datafield tag="029" ind1="1" ind2=" ">
    <subfield code="a">NZ1</subfield>
    <subfield code="b">12849389</subfield>
  </datafield>
  <datafield tag="994" ind1=" " ind2=" ">
    <subfield code="a">Z0</subfield>
    <subfield code="b">PMR</subfield>
  </datafield>
  <datafield tag="948" ind1=" " ind2=" ">
    <subfield code="h">NO HOLDINGS IN PMR - 437 OTHER HOLDINGS</subfield>
  </datafield>
</record>
